
@inproceedings{Zhu:2017a,
  Author = {Zhu, Fei and Zhao, Jing and Li, Sheng and Tang, Yong and Wang, Guoping},
  Booktitle = {Computer Graphics Forum},
  Number = {6},
  Organization = {Wiley Online Library},
  Pages = {381--392},
  Title = {Dynamically enriched MPM for invertible elasticity},
  Volume = {36},
  Year = {2017}}

  
@article{Boyce:IJF2014a,
  Author = {Boyce, Brad L and Kramer, Sharlotte LB and Fang, H Eliot and Cordova, Theresa E and Neilsen, Michael K and Dion, K and Kaczmarowski, Amy K and Karasz, Erin and Xue, Liang and Gross, Andrew J and others},
  Journal = {International Journal of Fracture},
  Number = {1-2},
  Pages = {5--68},
  Title = {The Sandia Fracture Challenge: blind round robin predictions of ductile tearing},
  Volume = {186},
  Year = {2014}}


@article{Zhou:IJNAMG1999a,
  Author = {Zhou, S. and Stormont, J. and Chen, Z.},
  Journal = {International Journal for Numerical and Analytical Methods in Geomechanics},
  Number = {15},
  Pages = {1977--1994},
  Title = {Simulation of geomembrane response to settlement in landfills by using the material point method},
  Volume = {23},
  Year = {1999}}

@article{Zhou:IJCM2013a,
  Author = {S. Zhou and X. Zhang and H. Ma},
  Journal = {International Journal of Computational Methods},
  Number = {04},
  Pages = {1350014},
  Title = {NUMERICAL SIMULATION OF HUMAN HEAD IMPACT USING THE MATERIAL POINT METHOD},
  Volume = {10},
  Year = {2013}}

@article{Zheng:CMAME2013a,
  Author = {Y. Zheng and F. Gao and H. Zhang and M. Lu},
  Journal = {Computer Methods in Applied Mechanics and Engineering},
  Number = {0},
  Pages = {150 - 163},
  Title = {Improved convected particle domain interpolation method for coupled dynamic analysis of fully saturated porous media involving large deformation},
  Volume = {257},
  Year = {2013}}

@article{Zhao:JH2017a,
  Author = {Zhao, Xuanyu and Liang, Dongfang and Martinelli, Mario},
  Journal = {Journal of Hydrodynamics},
  Number = {3},
  Pages = {397--404},
  Title = {MPM simulations of dam-break floods},
  Volume = {29},
  Year = {2017}}

@article{Zhang:JCP2017a,
  Author = {Zhang, Fan and Zhang, Xiong and Sze, Kam Yim and Lian, Yanping and Liu, Yan},
  Journal = {Journal of Computational Physics},
  Pages = {92--110},
  Title = {Incompressible material point method for free surface flow},
  Volume = {330},
  Year = {2017}}

@article{Zhang:JCP2011a,
  Author = {D. Z. Zhang and X. Ma and P. T. Giguere},
  Journal = {Journal of Computational Physics},
  Number = {16},
  Pages = {6379 - 6398},
  Title = {Material point method enhanced by modified gradient of shape function},
  Volume = {230},
  Year = {2011}}

@article{Zhang:JCP2008a,
  Author = {Zhang, D. Z. and Zou, Q. and VanderHeyden, W. B. and Ma, X.},
  Journal = {Journal of Computational Physics},
  Number = {6},
  Pages = {3159--3173},
  Title = {{Material point method applied to multiphase flows}},
  Volume = {227},
  Year = {2008}}

@article{Zhang:IJNME2006a,
  Author = {Zhang, X. and Sze, K.Y. and Ma, S.},
  Journal = {International Journal for Numerical Methods in Engineering},
  Number = {4},
  Pages = {689--706},
  Title = {{An explicit material point finite element method for hyper-velocity impact}},
  Volume = {66},
  Year = {2006}}

@article{Zhang:CMAME2009a,
  Author = {Zhang, H.W. and Wang, K.P. and Chen, Z.},
  Journal = {Computer Methods in Applied Mechanics and Engineering},
  Number = {17-20},
  Pages = {1456--1472},
  Title = {{Material point method for dynamic analysis of saturated porous media under external contact/impact of solid bodies}},
  Volume = {198},
  Year = {2009}}

@book{Zhang:2016a,
  Author = {Zhang, Xiong and Chen, Zhen and Liu, Yan},
  Publisher = {Academic Press},
  Title = {The material point method: a continuum-based particle method for extreme loading cases},
  Year = {2016}}

@article{Yue:TG2015a,
  Author = {Yonghao Yue and Breannan Smith and Christopher Batty and Changxi Zheng and Eitan Grinspun},
  Journal = {ACM Transactions on Graphics},
  Title = {Continuum Foam: A Material Point Method for Shear-Dependent Flows},
  Year = {2015}}

@inproceedings{Yue:2018a,
  Author = {Yue, Yonghao and Smith, Breannan and Chen, Peter Yichen and Chantharayukhonthorn, Maytee and Kamrin, Ken and Grinspun, Eitan},
  Booktitle = {SIGGRAPH Asia 2018 Technical Papers},
  Organization = {ACM},
  Pages = {283},
  Title = {Hybrid grains: Adaptive coupling of discrete and continuum simulations of granular media},
  Year = {2018}}

@article{York:IJNME2000a,
  Author = {York, A.R. and Sulsky, D. and Schreyer, H.L.},
  Journal = {International Journal for Numerical Methods in Engineering},
  Pages = {901--924},
  Title = {{Fluid-membrane interaction based on the material point method}},
  Year = {2000}}

@article{York:IJNME1999a,
  Author = {York, A.R. and Sulsky, D. and Schreyer, H.L.},
  Journal = {International Journal for Numerical Methods in Engineering},
  Number = {10},
  Pages = {1429--1456},
  Title = {{The material point method for simulation of thin membranes}},
  Volume = {44},
  Year = {1999}}

@phdthesis{York:1997a,
  Author = {A. R. York},
  School = {The University of New Mexico, Albuquerque},
  Title = {Development of Modifications to the Material Point Method for the Simulation of Thin Membranes, Compressible Fluids, and Their Interactions},
  Year = {1997}}

@article{Yerro:G2015a,
  Author = {A. Yerro and E.E. Alonso and N.M. Pinyol},
  Journal = {G\'{e}otechnique},
  Pages = {201-217(16)},
  Title = {The material point method for unsaturated soils},
  Volume = {65},
  Year = {2015}}

@article{Yerro:CGJ2018a,
  Author = {Yerro, Alba and Soga, Kenichi and Bray, Jonathan},
  Journal = {Canadian Geotechnical Journal},
  Number = {999},
  Pages = {1--14},
  Title = {Runout evaluation of Oso landslide with the material point method},
  Year = {2018}}

@phdthesis{Yerro:2015a,
  Author = {A Yerro},
  School = {Universitat Polit{\`e}cnica de Catalunya (UPC Barcelona)},
  Title = {MPM modelling of landslides in brittle and unsaturated soils},
  Year = {2015}}

@article{Ye:IJMMD2018a,
  Author = {Ye, Zhiping and Zhang, Xiong and Zheng, Gangtie and Jia, Guanghui},
  Journal = {International Journal of Mechanics and Materials in Design},
  Number = {4},
  Pages = {511--526},
  Title = {A material point method model and ballistic limit equation for hyper velocity impact of multi-layer fabric coated aluminum plate},
  Volume = {14},
  Year = {2018}}

@article{Yang:IJF2014a,
  Author = {Yang, P. and Gan, Y. and Zhang, X. and Chen, Z. and Qi, W. and Liu, P.},
  Journal = {International Journal of Fracture},
  Number = {1-2},
  Pages = {177-184},
  Title = {Improved decohesion modeling with the material point method for simulating crack evolution},
  Volume = {186},
  Year = {2014}}

@article{Yang:CMES2012a,
  Author = {P. Yang and Y. Liu and X. Zhang and X. Zhou and Y. Zhao},
  Journal = {Computer Modeling in Engineering and Sciences},
  Number = {3},
  Pages = {207--236},
  Title = {Simulation of Fragmentation with Material Point Method Based on {Gurson} Model and Random Failure},
  Volume = {85},
  Year = {2012}}

@article{Yang:CMAME2018a,
  Author = {Yang, Wen-Chia and Arduino, Pedro and Miller, Gregory R and Mackenzie-Helnwein, Peter},
  Journal = {Computer Methods in Applied Mechanics and Engineering},
  Pages = {177--199},
  Title = {Smoothing algorithm for stabilization of the material point method for fluid--solid interaction problems},
  Volume = {342},
  Year = {2018}}

@phdthesis{Yan:2018a,
  Author = {Hai Yan},
  School = {University of Leicester},
  Title = {Material Point Method for Modelling Additive Manufacturing},
  Year = {2018}}

@article{Xue:MSMSE2006a,
  Author = {L. Xue and O. Borodin and G. D. Smith and J. Nairn},
  Journal = {Modelling and Simulation in Materials Science and Engineering},
  Number = {4},
  Pages = {703},
  Title = {Micromechanics simulations of the viscoelastic properties of highly filled composites by the material point method {(MPM)}},
  Volume = {14},
  Year = {2006}}

@article{Xue:JMS2006a,
  Author = {L. Xue and O. Borodin and G. D. Smith},
  Journal = {Journal of Membrane Science},
  Number = {1--2},
  Pages = {293 - 300},
  Title = {Modeling of enhanced penetrant diffusion in nanoparticle-polymer composite membranes},
  Volume = {286},
  Year = {2006}}

@article{Xu:IJNAMG2015a,
  Author = {Xu, Ling and Schreyer, Howard and Sulsky, Deborah},
  Journal = {International Journal for Numerical and Analytical Methods in Geomechanics},
  Number = {1},
  Pages = {23--50},
  Title = {Blast-induced rock fracture near a tunnel},
  Volume = {39},
  Year = {2015}}

@article{Wu:AMSS2018a,
  Author = {Wu, Bo and Chen, Zhenpeng and Zhang, Xiong and Liu, Yan and Lian, Yanping},
  Journal = {Acta Mechanica Solida Sinica},
  Number = {1},
  Pages = {1--18},
  Title = {Coupled shell-material point method for bird strike simulation},
  Volume = {31},
  Year = {2018}}

@article{Wretborn:CG2017a,
  Author = {Wretborn, Joel and Armiento, Rickard and Museth, Ken},
  Journal = {Computers \& Graphics},
  Pages = {131--139},
  Title = {Animation of crack propagation by means of an extended multi-body solver for the material point method},
  Volume = {69},
  Year = {2017}}

@article{Wolper:TG2019a,
  Author = {Wolper, Joshuah and Fang, Yu and Li, Minchen and Lu, Jiecong and Gao, Ming and Jiang, Chenfanfu},
  Journal = {ACM Transactions on Graphics (TOG)},
  Number = {4},
  Pages = {119},
  Title = {CD-MPM: continuum damage material point methods for dynamic fracture animation},
  Volume = {38},
  Year = {2019}}

@article{Wobbes:IJNME2019a,
  Author = {Wobbes, Elizaveta and M{\"o}ller, Matthias and Galavi, Vahid and Vuik, Cornelis},
  Journal = {International Journal for Numerical Methods in Engineering},
  Number = {3},
  Pages = {271--290},
  Title = {Conservative Taylor least squares reconstruction with application to material point methods},
  Volume = {117},
  Year = {2019}}

@article{Wieckowski:IJNME1999a,
  Author = {Z. Wie\c{c}kowski and Y., Sung-kie and Y., Jeoung-heum},
  Journal = {International Journal For Numerical Methods in Engineering},
  Pages = {1203--1225},
  Title = {{A Particle-in-cell solution to the silo discharging problem}},
  Volume = {45},
  Year = {1999}}

@article{Wieckowski:CMAME2004a,
  Author = {Wie\c{c}kowski, Z.},
  Journal = {Computer Methods in Applied Mechanics and Engineering},
  Number = {39-41},
  Pages = {4417--4438},
  Title = {{The material point method in large strain engineering problems}},
  Volume = {193},
  Year = {2004}}

@article{Wang:PCGIT2019a,
  Author = {Wang, Stephanie and Ding, Mengyuan and Gast, Theodore F and Zhu, Leyi and Gagniere, Steven and Jiang, Chenfanfu and Teran, Joseph M},
  Journal = {Proceedings of the ACM on Computer Graphics and Interactive Techniques},
  Number = {2},
  Pages = {18},
  Title = {Simulation and Visualization of Ductile Fracture with the Material Point Method},
  Volume = {2},
  Year = {2019}}

@article{Wang:MAMS2005a,
  Author = {Wang, B. and Karuppiah, V. and Lu, H. and Komanduri, R. and Roy, S.},
  Journal = {Mechanics of Advanced Materials and Structures},
  Number = {6},
  Pages = {471--484},
  Title = {{Two-Dimensional Mixed Mode Crack Simulation Using the Material Point Method}},
  Volume = {12},
  Year = {2005}}

@article{Wang:IJIE2011a,
  Author = {Wang, Y. and Beom, H.G. and Sun, M. and Lin, S.},
  Journal = {International Journal of Impact Engineering},
  Number = {1},
  Pages = {51--60},
  Title = {{Numerical simulation of explosive welding using the material point method}},
  Volume = {38},
  Year = {2011}}

@article{Wang:CMAME2019b,
  Author = {Wang, L and Coombs, WM and Augarde, CE and Cortis, M and Charlton, TJ and Brown, MJ and Knappett, J and Brennan, A and Davidson, C and Richards, D and others},
  Journal = {Computer Methods in Applied Mechanics and Engineering},
  Pages = {1003--1025},
  Title = {On the use of domain-based material point methods for problems involving large distortion},
  Volume = {355},
  Year = {2019}}

@article{Wang:CG2016a,
  Author = {B. Wang and P. J. Vardon and M. A. Hicks and Z. Chen},
  Journal = {Computers and Geotechnics},
  Pages = {159 - 167},
  Title = {Development of an implicit material point method for geotechnical applications},
  Volume = {71},
  Year = {2016}}

@phdthesis{Wang:2016a,
  Author = {B. Wang},
  School = {TU Delft},
  Title = {Slope failure analysis using the material point method},
  Year = {2016}}

@article{Wallstedt:JCP2008a,
  Author = {P.C. Wallstedt and J.E. Guilkey},
  Journal = {Journal of Computational Physics},
  Number = {22},
  Pages = {9628 - 9642},
  Title = {An evaluation of explicit time integration schemes for use with the generalized interpolation material point method},
  Volume = {227},
  Year = {2008}}

@article{Wallstedt:IJNME2011a,
  Author = {Wallstedt, P. C. and Guilkey, J. E.},
  Journal = {International Journal for Numerical Methods in Engineering},
  Number = {13},
  Pages = {1687--1704},
  Title = {A weighted least squares particle-in-cell method for solid mechanics},
  Volume = {85},
  Year = {2011}}

@article{Wallstedt:CMES2007a,
  Author = {Wallstedt, P. C. and Guilkey, J. E.},
  Journal = {Computer Modeling in Engineering \& Science},
  Number = {3},
  Pages = {223--232},
  Title = {Improved Velocity Projection for the Material Point Method},
  Volume = {19},
  Year = {2007}}

@phdthesis{Wallstedt:2008a,
  Author = {P. C. Wallstedt},
  School = {University of Utah},
  Title = {On the Order of Accuracy of the Generalized Interpolation Material Point Method},
  Year = {2008}}

@article{Vargas:CJAST2018a,
  Author = {Vargas, Manuel and Nascimento, Elson and Nascimento, Gabriel and Hotta, Marcelo and Almeida, Marcio},
  Journal = {Current Journal of Applied Science and Technology},
  Title = {Comparative Study of the Material Point Method and Smoothed Particle Hydrodynamics Applied to the Numerical Simulation of a Dam-Break Flow in the Presence of Geometric Obstacles},
  Year = {2018}}

@article{Tran:IJNMF2010a,
  Author = {Tran, L. T. and Kim, J. and Berzins, M.},
  Journal = {International Journal for Numerical Methods in Fluids},
  Number = {7},
  Pages = {709--732},
  Title = {Solving time-dependent PDEs using the material point method, a case study from gas dynamics},
  Volume = {62},
  Year = {2010}}

@article{Tran:IJNMEa,
  Author = {Tran, Quoc-Anh and So{\l}owski, Wojciech},
  Journal = {International Journal for Numerical Methods in Engineering},
  Title = {Temporal and Null-space filter for the Material Point Method}}

@inproceedings{Tran:2019a,
  Author = {Quoc-Anh Tran and Martin Berzins and Wojciech So{\l}owski},
  Booktitle = {2nd International Conference on the Material Point Method for Modelling Soil-Water-Structure Interaction},
  Title = {An improved moving least squares method for the Material Point Method},
  Year = {2019}}

@article{Tielen:PE2017a,
  Author = {Tielen, Roel and Wobbes, Elizaveta and M{\"o}ller, Matthias and Beuth, Lars},
  Journal = {Procedia Engineering},
  Pages = {265--272},
  Title = {A High Order Material Point Method},
  Volume = {175},
  Year = {2017}}

@mastersthesis{Tielen:2016a,
  Author = {R.P.W.M. Tielen},
  School = {TU Delft},
  Title = {High order Material Point Method},
  Year = {2016}}

@mastersthesis{Teran:2016a,
  Author = {Joseph Teran},
  Title = {The Material Point Method for Simulating Continuum Materials},
  Year = {2016}}

@article{Tehrani:CG2016a,
  Author = {Tehrani, Faraz S and Nguyen, Phuong and Brinkgreve, Ronald BJ and van Tol, A Frits},
  Journal = {Computers and Geotechnics},
  Pages = {38--53},
  Title = {Comparison of Press-Replace Method and Material Point Method for analysis of jacked piles},
  Volume = {78},
  Year = {2016}}

@article{Tao:IJMMD2016a,
  Author = {Tao, Jun and Zheng, Yonggang and Chen, Zhen and Zhang, Hongwu},
  Journal = {International Journal of Mechanics and Materials in Design},
  Number = {4},
  Pages = {577--595},
  Title = {Generalized interpolation material point method for coupled thermo-mechanical processes},
  Volume = {12},
  Year = {2016}}

@article{Tao:CMAME2018a,
  Author = {Tao, Jun and Zhang, Hongwu and Zheng, Yonggang and Chen, Zhen},
  Journal = {Computer Methods in Applied Mechanics and Engineering},
  Pages = {325--342},
  Title = {Development of generalized interpolation material point method for simulating fully coupled thermomechanical failure evolution},
  Volume = {332},
  Year = {2018}}

@article{Tan:CMAME2002a,
  Author = {Tan, H. and Nairn, J. A.},
  Journal = {Computer Methods in Applied Mechanics and Engineering},
  Number = {19-20},
  Pages = {2123--2137},
  Title = {{Hierarchical, adaptive, material point method for dynamic energy release rate calculations}},
  Volume = {191},
  Year = {2002}}

@article{Sun:PCFDIJP2018a,
  Author = {Sun, Zheng and Li, Haiqiao and Gan, Yong and Liu, Hantao and Huang, Zhilong and He, Lisha},
  Journal = {Progress in Computational Fluid Dynamics, An International Journal (PCFD)},
  Number = {1},
  Pages = {1--18},
  Title = {Material point method and smoothed particle hydrodynamics simulations of fluid flow problems: a comparative study},
  Volume = {18},
  Year = {2018}}

@article{Sulsky:JGR2007a,
  Author = {Sulsky, D. and Schreyer, H.L. and Peterson, K. and Kwok, R. and Coon, M.},
  Journal = {Journal of Geophysical Research},
  Number = {C2},
  Pages = {C02S90},
  Title = {{Using the material-point method to model sea ice dynamics}},
  Volume = {112},
  Year = {2007}}

@article{Sulsky:JCP1991a,
  Author = {D. Sulsky and J.U Brackbill},
  Journal = {Journal of Computational Physics},
  Number = {2},
  Pages = {339 - 368},
  Title = {A numerical method for suspension flow},
  Volume = {96},
  Year = {1991}}

@article{Sulsky:EJMA2004a,
  Author = {D. Sulsky and L. Schreyer},
  Journal = {European Journal of Mechanics - A/Solids},
  Number = {3},
  Pages = {423 - 445},
  Title = {{MPM} simulation of dynamic material failure with a decohesion constitutive model},
  Volume = {23},
  Year = {2004}}

@article{Sulsky:CPC1995a,
  Author = {Sulsky, D. and Zhou, S.J. and Schreyer, H. L.},
  Journal = {Computer Physics Communications},
  Number = {1-2},
  Pages = {236--252},
  Title = {{Application of a particle-in-cell method to solid mechanics}},
  Volume = {87},
  Year = {1995}}

@article{Sulsky:CMAME2004a,
  Author = {Sulsky, D. and Kaul, A.},
  Journal = {Computer Methods in Applied Mechanics and Engineering},
  Number = {12-14},
  Pages = {1137--1170},
  Title = {{Implicit dynamics in the material-point method}},
  Volume = {193},
  Year = {2004}}

@article{Sulsky:CMAME1996a,
  Author = {Sulsky, D. and Schreyer, H.L.},
  Journal = {Computer Methods in Applied Mechanics and Engineering},
  Pages = {409--429},
  Title = {{Axisymmetric form of the material point method with applications to upsetting and Taylor impact problems}},
  Volume = {139},
  Year = {1996}}

@article{Sulsky:CMAME1994a,
  Author = {Sulsky, D. and Chen, Z. and Schreyer, H.L.},
  Journal = {Computer Methods in Applied Mechanics and Engineering},
  Pages = {179--196},
  Title = {{A particle method for history-dependent materials}},
  Volume = {5},
  Year = {1994}}

@incollection{Sulsky:2016a,
  Author = {Sulsky, Deborah and Gong, Ming},
  Booktitle = {Innovative Numerical Approaches for Multi-Field and Multi-Scale Problems},
  Pages = {217--240},
  Publisher = {Springer},
  Title = {Improving the material-point method},
  Year = {2016}}

@article{Su:CPM2019a,
  Author = {Su, Yu-Chen and Tao, Jun and Jiang, Shan and Chen, Zhen and Lu, Jian-Ming},
  Journal = {Computational Particle Mechanics},
  Pages = {1--16},
  Title = {Study on the fully coupled thermodynamic fluid--structure interaction with the material point method},
  Year = {2019}}

@article{Stomakhin:TG2014a,
  Author = {Stomakhin, A. and Schroeder, C. and Jiang, C. and Chai, L. and Teran, J. and Selle, A.},
  Journal = {ACM Transactions on Graphics},
  Number = {4},
  Pages = {138:1-138:11},
  Title = {Augmented {MPM} for phase-change and varied materials},
  Volume = {33},
  Year = {2014}}

@article{Stomakhin:TG2013a,
  Author = {Stomakhin, A. and Schroeder, C. and Chai, L. and Teran, J. and Selle, A.},
  Journal = {ACM Transactions on Graphics},
  Number = {4},
  Pages = {1},
  Title = {{A material point method for snow simulation}},
  Volume = {32},
  Year = {2013}}

@article{Steffen:IJNME2010a,
  Author = {Steffen, M. and Kirby, R. M. and Berzins, M.},
  Journal = {International Journal for Numerical Methods in Engineering},
  Number = {10},
  Pages = {1207--1243},
  Title = {{Decoupling and balancing of space and time errors in the material point method (MPM)}},
  Volume = {82},
  Year = {2010}}

@article{Steffen:IJNME2008a,
  Author = {Steffen, M. and Kirby, R. M. and Berzins, M.},
  Journal = {International Journal for Numerical Methods in Engineering},
  Number = {6},
  Pages = {922--948},
  Title = {Analysis and reduction of quadrature errors in the material point method {(MPM)}},
  Volume = {76},
  Year = {2008}}

@article{Steffen:CMES2008a,
  Author = {Steffen, M. and Wallstedt, P.C. and Guilkey, J.E. and Kirby, R.M. and Berzins, M.},
  Journal = {Computer Modeling in Engineering and Sciences},
  Number = {2},
  Pages = {107--127},
  Title = {{Examination and analysis of implementation choices within the material point method {(MPM)}}},
  Volume = {31},
  Year = {2008}}

@phdthesis{Steffen:2009b,
  Author = {M. D. Steffen},
  School = {The University of Utah},
  Title = {Analysis-Guided Improvements of the Material Point Method},
  Year = {2009}}

@article{Soowski:IJNAMG2015a,
  Author = {So{\l}owski, WT and Sloan, SW},
  Journal = {International Journal for Numerical and Analytical Methods in Geomechanics},
  Number = {7},
  Pages = {685--701},
  Title = {Evaluation of material point method for use in geotechnics},
  Volume = {39},
  Year = {2015}}

@article{Song:CPM2019a,
  Author = {Song, Yan and Liu, Yan and Zhang, Xiong},
  Journal = {Computational Particle Mechanics},
  Month = {Sep},
  Title = {A transport point method for complex flow problems with free surface},
  Year = {2019}}

@article{Soga:G2015a,
  Author = {Soga, Kenichi and Alonso, E and Yerro, A and Kumar, K and Bandara, S},
  Journal = {G{\'e}otechnique},
  Number = {3},
  Pages = {248--273},
  Title = {Trends in large-deformation analysis of landslide mass movements with particular emphasis on the material point method},
  Volume = {66},
  Year = {2015}}

@article{Smith:JAP2018a,
  Author = {Smith, Grant D and Hooper, Justin and Bedrov, Dmitry},
  Journal = {Journal of Applied Physics},
  Number = {14},
  Pages = {145105},
  Title = {Mesoscale simulations of uniaxial compression and shock loading of low porosity granular aluminum/nickel composites},
  Volume = {124},
  Year = {2018}}

@article{Sinaie:TS2018a,
  Author = {Sina Sinaie and Tuan Duc Ngo and V. P. Nguyen and Timon Rabczukc},
  Journal = {Thin-Walled Structures},
  Month = {May},
  Pages = {32-46},
  Title = {Validation of the material point method for the simulation of thin-walled tubes under lateral compression},
  Volume = {130},
  Year = {2018}}

@article{Sinaie:IJIE2019a,
  Author = {Sinaie, Sina and Ngo, Tuan Duc and Kashani, Alireza and Whittaker, Andrew S},
  Journal = {International Journal of Impact Engineering},
  Pages = {103385},
  Title = {Simulation of cellular structures under large deformations using the material point method},
  Year = {2019}}

@article{Sinaie:AES2017a,
  Author = {Sinaie, Sina and Nguyen, Vinh Phu and Nguyen, Chi Thanh and Bordas, Stephane},
  Journal = {Advances in Engineering Software},
  Month = {Mar},
  Pages = {17--29},
  Title = {Programming the material point method in Julia},
  Volume = {105},
  Year = {2017}}

@article{Shin:IJCMS2010a,
  Author = {W. Shin and G. R. Miller and P. Arduino and P. Mackenzie-Helnwein},
  Journal = {International Journal of Computational and Mathematical Sciences},
  Number = {8},
  Pages = {379-387},
  Title = {Dynamic Meshing for Mateiral Point Method Computations},
  Volume = {4},
  Year = {2010}}

@article{Shen:IJSS2005a,
  Author = {L. Shen and Z. Chen},
  Journal = {International Journal of Solids and Structures},
  Number = {18--19},
  Pages = {5036--5056},
  Title = {A multi-scale simulation of tungsten film delamination from silicon substrate},
  Volume = {42},
  Year = {2005}}

@article{Shen:IJMS2000a,
  Author = {Y.-L Shen and W Li and D.L Sulsky and H.L Schreyer},
  Journal = {International Journal of Mechanical Sciences},
  Number = {11},
  Pages = {2167 - 2189},
  Title = {Localization of plastic deformation along grain boundaries in a hardening material},
  Volume = {42},
  Year = {2000}}

@article{Shen:CMES2009a,
  Author = {L. Shen},
  Journal = {Computer Modeling in Engineering and Sciences},
  Number = {1},
  Pages = {23--45},
  Title = {A rate-dependent damage/decohesion model for simulating glass fragmentation under impact using the material point method},
  Volume = {49},
  Year = {2009}}

@article{Schreyer:CMAME2002a,
  Author = {H.L. Schreyer and D.L. Sulsky and S.-J. Zhou},
  Journal = {Computer Methods in Applied Mechanics and Engineering},
  Number = {23--24},
  Pages = {2483--2507},
  Title = {Modeling delamination as a strong discontinuity with the material point method},
  Volume = {191},
  Year = {2002}}

@article{Sanchez:IJNME2015a,
  Author = {Sanchez, J and Schreyer, H and Sulsky, D and Wallstedt, P},
  Journal = {International Journal for Numerical Methods in Engineering},
  Number = {1},
  Pages = {60--78},
  Title = {Solving quasi-static equations with the material-point method},
  Volume = {103},
  Year = {2015}}

@phdthesis{Sanchez:2010a,
  Author = {J. Sanchez},
  School = {University of New Mexico},
  Title = {A Critical Evaluation of Computational Fracture Using a Smeared Crack Approach in MPM},
  Year = {2010}}

@article{Sadeghirad:IJNME2013a,
  Author = {Sadeghirad, A. and Brannon, R.M. and Guilkey, J.E.},
  Journal = {International Journal for Numerical Methods in Engineering},
  Number = {11},
  Pages = {928--952},
  Title = {Second-order convected particle domain interpolation {(CPDI2)} with enrichment for weak discontinuities at material interfaces},
  Volume = {95},
  Year = {2013}}

@article{Sadeghirad:IJNME2011b,
  Author = {Sadeghirad, Alireza and Brannon, Rebecca M and Burghardt, Jeff},
  Journal = {International Journal for numerical methods in Engineering},
  Number = {12},
  Pages = {1435--1456},
  Title = {A convected particle domain interpolation technique to extend applicability of the material point method for problems involving massive deformations},
  Volume = {86},
  Year = {2011}}

@mastersthesis{Remmerswaal:2017a,
  Author = {G. Remmerswaal},
  School = {TU Delft},
  Title = {Development and implementation of moving boundary conditions in the Material Point Method},
  Year = {2017}}

@jurthesis{REEKVELDT:2017a,
  Author = {Thomas B REEKVELDT},
  School = {Utretch university},
  Title = {Analysis of a Material Point Method for Snow},
  Year = {2017}}

@article{Raymond:CPM2019a,
  Author = {Raymond, Samuel J and Jones, Bruce D and Williams, John R},
  Journal = {Computational Particle Mechanics},
  Number = {3},
  Pages = {371--382},
  Title = {Modeling damage and plasticity in aggregates with the material point method (MPM)},
  Volume = {6},
  Year = {2019}}

@article{Raymond:CPM2018a,
  Author = {Raymond, Samuel J and Jones, Bruce and Williams, John R},
  Journal = {Computational Particle Mechanics},
  Number = {1},
  Pages = {49--58},
  Title = {A strategy to couple the material point method (MPM) and smoothed particle hydrodynamics (SPH) computational techniques},
  Volume = {5},
  Year = {2018}}

@inproceedings{Ram:2015a,
  Author = {Ram, Daniel and Gast, Theodore and Jiang, Chenfanfu and Schroeder, Craig and Stomakhin, Alexey and Teran, Joseph and Kavehpour, Pirouz},
  Booktitle = {Proceedings of the 14th ACM SIGGRAPH/Eurographics Symposium on Computer Animation},
  Organization = {ACM},
  Pages = {157--163},
  Title = {A material point method for viscoelastic fluids, foams and sponges},
  Year = {2015}}

@mastersthesis{Pruijn:2016a,
  Author = {N S Pruijn},
  School = {TU Delft},
  Title = {The improvement of the material point method by increasing efciency and accuracy},
  Year = {2016}}

@article{Pinyol:G2017a,
  Author = {Pinyol, NM and Alvarado, M and Alonso, EE and Zabala, Francisco},
  Journal = {G{\'e}otechnique},
  Number = {6},
  Pages = {528--545},
  Title = {Thermal effects in landslide mobility},
  Volume = {68},
  Year = {2017}}

@article{Pantec:2016a,
  Author = {I Pantec},
  Title = {Contact modeling in the material point method},
  Year = {2016}}

@article{Pan:JPAP2008a,
  Author = {Pan, X. F. and Xu, A. and Zhang, G. and Zhu, J.},
  Journal = {Journal of Physics D: Applied Physics},
  Number = {1},
  Pages = {015401},
  Title = {{Generalized interpolation material point approach to high melting explosive with cavities under shock}},
  Volume = {41},
  Year = {2008}}

@article{Pan:CTP2008a,
  Author = {X.F. Pan and A.G. Xu and G.C. Zhang and P. Zhang and J.S. Zhu and S. Ma and X. Zhang},
  Journal = {Communications in Theoretical Physics},
  Number = {5},
  Pages = {1129},
  Title = {Three-Dimensional Multi-mesh Material Point Method for Solving Collision Problems},
  Volume = {49},
  Year = {2008}}

@article{Nguyen:FEAD2017a,
  Author = {Nguyen, Vinh Phu and Nguyen, Chi Thanh and Rabczuk, Timon and Natarajan, Sundararajan},
  Journal = {Finite Elements in Analysis and Design},
  Month = {Apr},
  Pages = {50--64},
  Title = {On a family of convected particle domain interpolations in the material point method},
  Volume = {126},
  Year = {2017}}

@article{Nguyen:CG2016a,
  Author = {Nguyen, TVP and Van Tol, AF and Elkadi, ASK and Rohe, A},
  Journal = {Computers and Geotechnics},
  Pages = {58--71},
  Title = {Numerical investigation of pile installation effects in sand using material point method},
  Volume = {73},
  Year = {2016}}

@misc{Nguyen:2014a,
  Author = {V. P. Nguyen},
  Howpublished = {\url{https://www.researchgate.net/publication/262415477_Material_point_method_basics_and_applications_Contents}},
  Title = {Material point method: basics and applications},
  Year = {2014}}

@article{Nairn:WFS2006a,
  Author = {J.A. Nairn},
  Journal = {Wood and Fiber Science},
  Number = {4},
  Pages = {576--591},
  Title = {NUMERICAL SIMULATIONS OF TRANSVERSE COMPRESSION AND DENSIFICATION IN WOOD},
  Volume = {38},
  Year = {2006}}

@article{Nairn:IJNME2015a,
  Author = {Nairn, John A and Guilkey, James E},
  Journal = {International journal for numerical methods in engineering},
  Number = {2},
  Pages = {127--147},
  Title = {Axisymmetric form of the generalized interpolation material point method},
  Volume = {101},
  Year = {2015}}

@article{Nairn:H2007a,
  Author = {J.A. Nairn},
  Journal = {Holzforschung},
  Number = {4},
  Pages = {375--381},
  Title = {Material point method simulations of transverse fracture in wood with realistic morphologies},
  Volume = {61},
  Year = {2007}}

@article{Nairn:CPM2018a,
  Author = {Nairn, John A and Bardenhagen, SG and Smith, GD},
  Journal = {Computational Particle Mechanics},
  Number = {3},
  Pages = {285--296},
  Title = {Generalized contact and improved frictional heating in the material point method},
  Volume = {5},
  Year = {2018}}

@article{Nairn:CMS2007a,
  Author = {John A. Nairn},
  Journal = {Computational Materials Science},
  Number = {4},
  Pages = {525 - 536},
  Title = {Numerical implementation of imperfect interfaces},
  Volume = {40},
  Year = {2007}}

@article{Nairn:CMES2003a,
  Author = {Nairn, J A},
  Journal = {Computer Modeling in Engineering and Sciences},
  Number = {6},
  Pages = {649--663},
  Title = {{Material Point Method Calculations with Explicit Cracks}},
  Volume = {4},
  Year = {2003}}

@article{Nairn:CMAME2013a,
  Author = {J. A. Nairn},
  Journal = {Computer Methods in Applied Mechanics and Engineering},
  Number = {1},
  Pages = {1--15},
  Title = {Modeling Imperfect Interfaces in the Material Point Method using Multimaterial Methods},
  Volume = {1},
  Year = {2013}}

@article{Nair:MAMS2012a,
  Author = {Nair, A. and Roy, S.},
  Journal = {Mechanics of Advanced Materials and Structures},
  Number = {6},
  Pages = {465--473},
  Title = {{Implicit Time Integration in the Generalized Interpolation Material Point Method for Finite Deformation Hyperelasticity}},
  Volume = {19},
  Year = {2012}}

@article{Muller:TG2015a,
  Author = {M{\"u}ller, Matthias and Chentanez, Nuttapong and Kim, Tae-Yong and Macklin, Miles},
  Journal = {ACM Transactions on Graphics (TOG)},
  Number = {4},
  Pages = {133},
  Title = {Air meshes for robust collision handling},
  Volume = {34},
  Year = {2015}}

@inproceedings{Muller:2004a,
  Author = {M{\"u}ller, Matthias and Keiser, Richard and Nealen, Andrew and Pauly, Mark and Gross, Markus and Alexa, Marc},
  Booktitle = {Proceedings of the 2004 ACM SIGGRAPH/Eurographics symposium on Computer animation},
  Organization = {Eurographics Association},
  Pages = {141--151},
  Title = {Point based animation of elastic, plastic and melting objects},
  Year = {2004}}

@incollection{Muhlhaus:2001a,
  Author = {M{\"u}hlhaus, H.-B. and Sakaguchi, H. and Moresi, L. and Fahey, M.},
  Booktitle = {Continuous and Discontinuous Modelling of Cohesive-Frictional Materials},
  Editor = {Vermeer, P.A. and Herrmann, H.J. and Luding, S. and Ehlers, W. and Diebels, S. and Ramm, E.},
  Pages = {185-204},
  Publisher = {Springer Berlin Heidelberg},
  Series = {Lecture Notes in Physics},
  Title = {Discrete and continuum modelling of granular materials},
  Volume = {568},
  Year = {2001}}

@article{Moutsanidis:CMAME2019a,
  Author = {Moutsanidis, Georgios and Kamensky, David and Zhang, Duan Z and Bazilevs, Yuri and Long, Christopher C},
  Journal = {Computer Methods in Applied Mechanics and Engineering},
  Pages = {584--601},
  Title = {Modeling strong discontinuities in the material point method using a single velocity field},
  Volume = {345},
  Year = {2019}}

@article{Moresi:PEPI2007a,
  Author = {L. Moresi and S. Quenette and V. Lemiale and C. M{\'e}riaux and B. Appelbe and H.-B. M{\"u}hlhaus},
  Journal = {Physics of the Earth and Planetary Interiors},
  Number = {1-4},
  Pages = {69--82},
  Title = {Computational approaches to studying nonlinear dynamics of the crust and mantle},
  Volume = {163},
  Year = {2007}}

@article{Moresi:JCP2003a,
  Author = {L. Moresi and F. Dufour and H.-B. M{\"u}hlhaus},
  Journal = {Journal of Computational Physics},
  Number = {2},
  Pages = {476 - 497},
  Title = {A {Lagrangian} integration point finite element method for large deformation modeling of viscoelastic geomaterials},
  Volume = {184},
  Year = {2003}}

@article{Mishra:W2019a,
  Author = {Mishra, Tanmaya and Ganzenm{\"u}ller, Georg C and de Rooij, Matthijn and Shisode, Meghshyam and Hazrati, Javad and Schipper, Dirk J},
  Journal = {Wear},
  Pages = {180--190},
  Title = {Modelling of ploughing in a single-asperity sliding contact using material point method},
  Volume = {418},
  Year = {2019}}

@article{Mast:JCP2012a,
  Author = {Mast, C.M. and Mackenzie-Helnwein, P. and Arduino, P. and Miller, G.R. and Shin, W.},
  Journal = {Journal of Computational Physics},
  Number = {16},
  Pages = {5351--5373},
  Title = {{Mitigating kinematic locking in the material point method}},
  Volume = {231},
  Year = {2012}}

@phdthesis{Mast:2013a,
  Author = {C. M. Mast},
  School = {University of Washington},
  Title = {Modeling Landslide-Induced Flow Interactions with Structures using the Material Point Method},
  Year = {2013}}

@article{Mao:JEM2015a,
  Author = {Mao, Shaolin and Chen, Qin and Li, Deyu and Feng, Zhigang},
  Journal = {Journal of Engineering Mechanics},
  Number = {2},
  Pages = {04015069},
  Title = {Modeling of free surface flows using improved material point method and dynamic adaptive mesh refinement},
  Volume = {142},
  Year = {2015}}

@article{Maljaars:JH2017a,
  Author = {Maljaars, Jakob and Labeur, Robert Jan and M{\"o}ller, Matthias and Uijttewaal, Wim},
  Journal = {Journal of Hydrodynamics},
  Number = {3},
  Pages = {413--422},
  Title = {Development of a hybrid particle-mesh method for simulating free-surface flows},
  Volume = {29},
  Year = {2017}}

@article{Mackenzie-Helnwein:IJNME2010a,
  Author = {Mackenzie-Helnwein, P. and Arduino, P. and Shin, W. and Moore, J. A. and Miller, G. R.},
  Journal = {International Journal for Numerical Methods in Engineering},
  Number = {3},
  Pages = {295--322},
  Title = {Modeling strategies for multiphase drag interactions using the material point method},
  Volume = {83},
  Year = {2010}}

@article{Ma:JCP2010a,
  Author = {X. Ma and P. T. Giguere and B. Jayaraman and D. Z. Zhang},
  Journal = {Journal of Computational Physics},
  Number = {20},
  Pages = {7819 - 7833},
  Title = {Distribution coefficient algorithm for small mass nodes in material point method},
  Volume = {229},
  Year = {2010}}

@article{Ma:IJNAMG2014a,
  Author = {Ma, J. and Wang, D. and Randolph, M.F.},
  Journal = {International Journal for Numerical and Analytical Methods in Geomechanics},
  Number = {11},
  Pages = {1197-1210},
  Title = {A new contact algorithm in the material point method for geotechnical simulations},
  Volume = {38},
  Year = {2014}}

@article{Ma:IJIE2013a,
  Author = {X. Ma and D. Z. Zhang and P. T. Giguere and C. Liu},
  Journal = {International Journal of Impact Engineering},
  Pages = {96 - 104},
  Title = {Axisymmetric computation of Taylor cylinder impacts of ductile and brittle materials using original and dual domain material point methods},
  Volume = {54},
  Year = {2013}}

@article{Ma:IJIE2009b,
  Author = {Ma, S. and Zhang, X. and Qiu, X.M.},
  Journal = {International Journal of Impact Engineering},
  Month = {Feb},
  Number = {2},
  Pages = {272--282},
  Title = {Comparison study of MPM and SPH in modeling hypervelocity impact problems},
  Volume = {36},
  Year = {2009}}

@article{Ma:CMESC2009a,
  Author = {Ma, Shang and Zhang, Xiong and Lian, Yanping and Zhou, Xu},
  Journal = {Computer Modeling in Engineering and Sciences (CMES)},
  Number = {2},
  Pages = {101},
  Title = {Simulation of high explosive explosion using adaptive material point method},
  Volume = {39},
  Year = {2009}}

@article{Ma:CMES2010a,
  Author = {Z. T. Ma and X. Zhang and P. Huang},
  Journal = {Computer Modeling in Engineering and Sciences},
  Number = {1},
  Pages = {61--87},
  Title = {An Object-Oriented {MPM} Framework for Simulation of Large Deformation and Contact of Numerous Grains},
  Volume = {55},
  Year = {2010}}

@article{Ma:CMES2006a,
  Author = {Ma, J. and Lu, H. and Komanduri, R.},
  Journal = {Computer Modeling in Engineering and Sciences},
  Pages = {213--227},
  Title = {Structured mesh refinement in generalized interpolation material point {(GIMP)} method for simulation of dynamic problems},
  Volume = {12},
  Year = {2006}}

@incollection{Ma:2007a,
  Author = {Ma, S and Zhang, X},
  Booktitle = {Computational Mechanics},
  Pages = {156--166},
  Publisher = {Springer},
  Title = {Material point method for impact and explosion problems},
  Year = {2007}}

@article{Lu:PM2006a,
  Author = {Lu, H. and Daphalapurkar, N. P. and Wang, B. and Roy, S. and Komanduri, R.},
  Journal = {Philosophical Magazine},
  Number = {20},
  Pages = {2971--2994},
  Title = {{Multiscale simulation from atomistic to continuum-coupling molecular dynamics ({MD}) with the material point method (MPM)}},
  Volume = {86},
  Year = {2006}}

@article{Love:IJNME2006a,
  Author = {Love, E. and Sulsky, D. L.},
  Journal = {International Journal for Numerical Methods in Engineering},
  Number = {10},
  Pages = {1608--1638},
  Title = {An energy-consistent material-point method for dynamic finite deformation plasticity},
  Volume = {65},
  Year = {2006}}

@article{Love:CMAME2006a,
  Author = {Love, E. and Sulsky, D.L.},
  Journal = {Computer Methods in Applied Mechanics and Engineering},
  Number = {33-36},
  Pages = {3903--3925},
  Title = {{An unconditionally stable, energy-momentum consistent implementation of the material-point method}},
  Volume = {195},
  Year = {2006}}

@article{Llano-Serna:L2016a,
  Author = {Llano-Serna, Marcelo A and Farias, M{\'a}rcio M and Pedroso, Dorival M},
  Journal = {Landslides},
  Number = {5},
  Pages = {1057--1066},
  Title = {An assessment of the material point method for modelling large scale run-out processes in landslides},
  Volume = {13},
  Year = {2016}}

@article{Liu:P2015a,
  Author = {Liu, Yuzhe and Qiu, Xinming and Zhang, Xiong and Yu, TX},
  Journal = {PloS one},
  Number = {4},
  Pages = {e0122677},
  Title = {Response of woodpecker's head during pecking process simulated by material point method},
  Volume = {10},
  Year = {2015}}

@article{Liu:IJMMD2013a,
  Author = {Liu, Yan and Wang, Han-Kui and Zhang, Xiong},
  Journal = {International Journal of Mechanics and Materials in Design},
  Number = {2},
  Pages = {127--139},
  Title = {A multiscale framework for high-velocity impact process with combined material point method and molecular dynamics},
  Volume = {9},
  Year = {2013}}

@article{Liu:IJIE2015a,
  Author = {P. Liu and Y. Liu and X. Zhang},
  Journal = {International Journal of Impact Engineering},
  Pages = {120 - 133},
  Title = {Internal-structure-model based simulation research of shielding properties of honeycomb sandwich panel subjected to high-velocity impact},
  Volume = {77},
  Year = {2015}}

@article{Liu:CPM2019a,
  Author = {Liu, Chuanqi and Sun, WaiChing},
  Journal = {Computational Particle Mechanics},
  Pages = {1--18},
  Title = {Shift boundary material point method: an image-to-simulation workflow for solids of complex geometries undergoing large deformation},
  Year = {2019}}

@incollection{Lim:2013a,
  Author = {Lim, L. J. and Andreykiv, A. and Brinkgreve, R. B. J.},
  Booktitle = {Installation Effects in Geotechnical Engineering},
  Pages = {24--30},
  Publisher = {CRC Press},
  Title = {{Pile penetration simulation with Material Point Method}},
  Year = {2013}}

@article{Liang:CMAME2019a,
  Author = {Liang, Yong and Zhang, Xiong and Liu, Yan},
  Journal = {Computer Methods in Applied Mechanics and Engineering},
  Pages = {85--109},
  Title = {An efficient staggered grid material point method},
  Volume = {352},
  Year = {2019}}

@article{Lian:TAML2012a,
  Author = {Lian, Y. and Zhang, X. and Liu, Y.},
  Journal = {Theoretical and Applied Mechanics Letters},
  Pages = {2--5},
  Title = {{Coupling between finite element method and material point method for problems with extreme deformation}},
  Volume = {021003},
  Year = {2012}}

@article{Lian:IJMMD2014a,
  Author = {Lian, Y.-P. and Liu, Y. and Zhang, X.},
  Journal = {International Journal of Mechanics and Materials in Design},
  Pages = {1-13},
  Title = {Coupling of membrane element with material point method for fluid-membrane interaction problems},
  Year = {2014}}

@article{Lian:IJIE2014a,
  Author = {Y.P. Lian and X. Zhang and F. Zhang and X.X. Cui},
  Journal = {International Journal of Impact Engineering},
  Pages = {50 - 61},
  Title = {Tied interface grid material point method for problems with localized extreme deformation},
  Volume = {70},
  Year = {2014}}

@article{Lian:IJIE2011a,
  Author = {Lian, YP and Zhang, X and Zhou, X and Ma, S and Zhao, YL},
  Journal = {International Journal of Impact Engineering},
  Number = {4},
  Pages = {238--246},
  Title = {Numerical simulation of explosively driven metal by material point method},
  Volume = {38},
  Year = {2011}}

@article{Lian:CMAME2015a,
  Author = {Lian, YP and Yang, PF and Zhang, X and Zhang, F and Liu, Y and Huang, P},
  Journal = {Computer Methods in Applied Mechanics and Engineering},
  Pages = {291--315},
  Title = {A mesh-grading material point method and its parallelization for problems with localized extreme deformation},
  Volume = {289},
  Year = {2015}}

@article{Lian:CMAME2011b,
  Author = {Lian, Y.P. and Zhang, X. and Liu, Y.},
  Journal = {Computer Methods in Applied Mechanics and Engineering},
  Number = {47-48},
  Pages = {3482--3494},
  Title = {{Coupling of finite element method with material point method by local multi-mesh contact method}},
  Volume = {200},
  Year = {2011}}

@article{Lian:CMAME2011a,
  Author = {Y.P. Lian and X. Zhang and X. Zhou and Z.T. Ma},
  Journal = {Computer Methods in Applied Mechanics and Engineering},
  Number = {17--20},
  Pages = {1659 - 1670},
  Title = {A {FEMP} method and its application in modeling dynamic response of reinforced concrete subjected to impact loading},
  Volume = {200},
  Year = {2011}}

@article{Li:MM2015b,
  Author = {B. Li and A. Pandolfi and M. Ortiz},
  Journal = {Mechanics of Materials},
  Pages = {288 - 297},
  Title = {Material-point erosion simulation of dynamic fragmentation of metals},
  Volume = {80, Part B},
  Year = {2015}}

@article{Li:IJIE2011a,
  Author = {F. Li and J. Pan and C. Sinka},
  Journal = {International Journal of Impact Engineering},
  Number = {7},
  Pages = {653 - 660},
  Title = {Modelling brittle impact failure of disc particles using material point method},
  Volume = {38},
  Year = {2011}}

@article{Li:CF2014a,
  Author = {Li, JG and Hamamoto, Y and Liu, Y and Zhang, X},
  Journal = {Computers \& Fluids},
  Pages = {86--99},
  Title = {Sloshing impact simulation with material point method and its experimental validations},
  Volume = {103},
  Year = {2014}}

@incollection{Li:2000a,
  Author = {X. Li and D. Sulsky},
  Booktitle = {Computational Science--ICCS 2002},
  Editor = {M. Ingber, H. Power, C.A. Brebbia},
  Publisher = {WIT Press, Southampton},
  Series = {Applications of High-Performance Computing in Engineering VI},
  Title = {A Parallel Material-Point Method with Application to Solid Mechanics},
  Volume = {2331},
  Year = {2000}}

@article{Leroch:JMPT2018a,
  Author = {Leroch, Sabine and Eder, Stefan J and Ganzenm{\"u}ller, Georg and Murillo, LJS and Ripoll, M Rodr{\'\i}guez},
  Journal = {Journal of Materials Processing Technology},
  Pages = {449--458},
  Title = {Development and validation of a meshless 3D material point method for simulating the micro-milling process},
  Volume = {262},
  Year = {2018}}

@article{Lemiale:CMAME2010a,
  Author = {V. Lemiale and J. Nairn and A. Hurmane},
  Journal = {Computer Modeling in Engineering \& Science},
  Number = {1},
  Pages = {41--66},
  Title = {Material Point Method Simulation of Equal Channel Angular Pressing Involving Large Plastic Strain and Contact Through Sharp Corners},
  Volume = {70},
  Year = {2010}}

@article{Lelong:M2019a,
  Author = {Lelong, Nicolas and Rochais, Denis},
  Journal = {Materialia},
  Pages = {100199},
  Title = {Influence of microstructure on the dynamic behavior of a polyurethane foam with the material point method},
  Volume = {5},
  Year = {2019}}

@article{Lee:CSMSE2010a,
  Author = {Lee, J. H. and Huang, D.},
  Journal = {IOP Conference Series: Materials Science and Engineering},
  Number = {1},
  Pages = {012093},
  Title = {{Material point method modeling of porous semi-brittle materials}},
  Volume = {10},
  Year = {2010}}

@article{Leavy:CM2019a,
  Author = {Leavy, RB and Guilkey, JE and Phung, BR and Spear, AD and Brannon, RM},
  Journal = {Computational Mechanics},
  Pages = {1--21},
  Title = {A convected-particle tetrahedron interpolation technique in the material-point method for the mesoscale modeling of ceramics},
  Year = {2019}}

@article{Lapenta:JCP2017a,
  Author = {Lapenta, Giovanni},
  Journal = {Journal of Computational Physics},
  Pages = {349--366},
  Title = {Exactly energy conserving semi-implicit particle in cell formulation},
  Volume = {334},
  Year = {2017}}

@article{Kularathna:JHS2017a,
  Author = {Kularathna, Shyamini and Soga, Kenichi},
  Journal = {Journal of Hydrodynamics, Ser. B},
  Number = {3},
  Pages = {405--412},
  Title = {Comparison of two projection methods for modeling incompressible flows in MPM},
  Volume = {29},
  Year = {2017}}

@article{Kularathna:CMAME2017a,
  Author = {Kularathna, Shyamini and Soga, Kenichi},
  Journal = {Computer Methods in Applied Mechanics and Engineering},
  Pages = {673--686},
  Title = {Implicit formulation of material point method for analysis of incompressible materials},
  Volume = {313},
  Year = {2017}}

@jurthesis{Kramer:2018a,
  Author = {V N Kramer},
  School = {TU Delft},
  Title = {Wind Turbines near flood defences Study on the impact craters of falling nacelles hitting a dike},
  Year = {2018}}

@article{Koster:CM2019a,
  Author = {Pascal de Koster and Roel Tielen and Elizaveta Wobbes and Matthias Moller},
  Journal = {Comput. Mech.},
  Title = {Extension of {B-spline Material Point Method} for unstructured triangular grids using Powell-Sabin splines},
  Year = {2019}}

@inproceedings{Klar:2017a,
  Author = {Kl{\'a}r, Gergely and Budsberg, Jeff and Titus, Matt and Jones, Stephen and Museth, Ken},
  Booktitle = {ACM SIGGRAPH 2017 Talks},
  Organization = {ACM},
  Pages = {42},
  Title = {Production ready MPM simulations},
  Year = {2017}}

@article{Kamojjala:EWC2015a,
  Author = {Kamojjala, K. and Brannon, R. and Sadeghirad, A. and Guilkey, J.},
  Journal = {Engineering with Computers},
  Number = {2},
  Pages = {193-213},
  Title = {Verification tests in solid mechanics},
  Volume = {31},
  Year = {2015}}

@article{Kakouris:IJNME2017a,
  Author = {Kakouris, EG and Triantafyllou, Savvas P},
  Journal = {International Journal for Numerical Methods in Engineering},
  Number = {12},
  Pages = {1750--1776},
  Title = {Phase-field material point method for brittle fracture},
  Volume = {112},
  Year = {2017}}

@article{Kakouris:AAM2017a,
  Author = {Kakouris, E. G. and Triantafyllou, S. P.},
  Journal = {Archive of Applied Mechanics},
  Number = {1-2},
  Pages = {287-316},
  Title = {Material point method for crack propagation in anisotropic media: a phase field approach},
  Volume = {88},
  Year = {2017}}

@article{Jiang:TG2017a,
  Author = {Jiang, Chenfanfu and Gast, Theodore and Teran, Joseph},
  Journal = {ACM Transactions on Graphics (TOG)},
  Number = {4},
  Pages = {152},
  Title = {Anisotropic elastoplasticity for cloth, knit and hair frictional contact},
  Volume = {36},
  Year = {2017}}

@article{Jiang:TG2015a,
  Author = {Jiang, C. and Schroeder, C. and Selle, A. and Teran, J. and Stomakhin, A.},
  Journal = {ACM Transactions on Graphics},
  Number = {4},
  Pages = {51:1--51:10},
  Title = {The affine particle-in-cell method},
  Volume = {34},
  Year = {2015}}

@inproceedings{Jiang:2016a,
  Author = {Jiang, Chenfanfu and Schroeder, Craig and Teran, Joseph and Stomakhin, Alexey and Selle, Andrew},
  Booktitle = {ACM SIGGRAPH 2016 Courses},
  Organization = {ACM},
  Pages = {24},
  Title = {The material point method for simulating continuum materials},
  Year = {2016}}

@phdthesis{Jiang:2015a,
  Author = {C. Jiang},
  School = {University of California, Los Angles},
  Title = {The Material Point Method for the Physics-Based Simulation of Solids and Fluids},
  Year = {2015}}

@article{Jassim:IJNAMG2013a,
  Author = {Jassim, I. and Stolle, D. and Vermeer, P.},
  Journal = {International Journal for Numerical and Analytical Methods in Geomechanics},
  Number = {15},
  Pages = {2502--2522},
  Title = {Two-phase dynamic analysis by material point method},
  Volume = {37},
  Year = {2013}}

@article{Ionescu:JBE2006a,
  Author = {Ionescu, I. and Guilkey, J. E. and Berzins, M. and Kirby, R. M and Weiss, J. A},
  Journal = {Journal of Biomechanical Engineering},
  Number = {6},
  Pages = {917-924},
  Title = {Simulation of Soft Tissue Failure Using the {Material Point Method}},
  Volume = {128},
  Year = {2006}}

@article{Iaconeta:M2017a,
  Author = {Iaconeta, Ilaria and Larese, Antonia and Rossi, Riccardo and Guo, Zhiming},
  Journal = {Materials},
  Number = {10},
  Pages = {1150},
  Title = {Comparison of a Material Point Method and a {Galerkin} Meshfree Method for the Simulation of Cohesive-Frictional Materials},
  Volume = {10},
  Year = {2017}}

@article{Iaconeta:CM2019a,
  Author = {Iaconeta, Ilaria and Larese, A and Rossi, Riccardo and O{\~n}ate, E},
  Journal = {Computational Mechanics},
  Number = {6},
  Pages = {1243--1260},
  Title = {A stabilized mixed implicit Material Point Method for non-linear incompressible solid mechanics},
  Volume = {63},
  Year = {2019}}

@article{Huang:IJNME2011a,
  Author = {Huang, P. and Zhang, X. and Ma, S. and Huang, X.},
  Journal = {International Journal for Numerical Methods in Engineering},
  Number = {4},
  Pages = {498--517},
  Title = {Contact algorithms for the material point method in impact and penetration simulation},
  Volume = {85},
  Year = {2011}}

@article{Huang:CMES2008a,
  Author = {P. Huang and X. Zhang and S. Ma and H.K. Wang},
  Journal = {Computer Modeling in Engineering and Sciences},
  Number = {2},
  Pages = {119--147},
  Title = {Shared Memory {Open}{MP} Parallelization of Explicit {MPM} and Its Application to Hypervelocity Impact},
  Volume = {38},
  Year = {2008}}

@article{Hu:TG2018a,
  Author = {Hu, Yuanming and Fang, Yu and Ge, Ziheng and Qu, Ziyin and Zhu, Yixin and Pradhana, Andre and Jiang, Chenfanfu},
  Journal = {ACM Transactions on Graphics (TOG)},
  Number = {4},
  Pages = {150},
  Title = {A moving least squares material point method with displacement discontinuity and two-way rigid body coupling},
  Volume = {37},
  Year = {2018}}

@article{Hu:CS2003a,
  Author = {W. Hu and Z. Chen},
  Journal = {Computers \& Structures},
  Number = {20},
  Pages = {1991 - 2002},
  Title = {A multi-mesh {MPM} for simulating the meshing process of spur gears},
  Volume = {81},
  Year = {2003}}

@inproceedings{Hu:2019b,
  Author = {Hu, Yuanming and Zhang, Xinxin and Gao, Ming and Jiang, Chenfanfu},
  Booktitle = {ACM SIGGRAPH 2019 Courses},
  Organization = {ACM},
  Pages = {16},
  Title = {On hybrid lagrangian-eulerian simulation methods: practical notes and high-performance aspects},
  Year = {2019}}

@phdthesis{Hu:2019a,
  Author = {Yuanming Hu},
  School = {MASSACHUSETTS INSTITUTE OF TECHNOLOGY},
  Title = {The ChainQueen Differentiable Physics Engine},
  Year = {2019}}

@inproceedings{Hu:2011a,
  Author = {Hu, Patrick and Xue, Liping and Kamakoti, Ramji and Li, Qingding and Wang, Zhen and Brenner, Martin},
  Booktitle = {52nd AIAA/ASME/ASCE/AHS/ASC Structures, Structural Dynamics and Materials Conference 19th AIAA/ASME/AHS Adaptive Structures Conference 13t},
  Pages = {2062},
  Title = {Particle-based methods with least squares technique for nonlinear aeroelasticity and fluid-structure interactions in aste-p toolset},
  Year = {2011}}

@article{Homel:IJNME2016b,
  Author = {Homel, M. A. and Brannon, R. M. and Guilkey, J.},
  Journal = {International Journal for Numerical Methods in Engineering},
  Number = {1},
  Pages = {31--48},
  Title = {Controlling the onset of numerical fracture in parallelized implementations of the material point method {(MPM)} with convective particle domain interpolation {(CPDI)} domain scaling},
  Volume = {107},
  Year = {2016}}

@article{Homel:IJNME2016a,
  Author = {Homel, Michael A. and Herbold, Eric B.},
  Journal = {International Journal for Numerical Methods in Engineering},
  Month = {Aug},
  Number = {7},
  Pages = {1013--1044},
  Title = {Field-gradient partitioning for fracture and frictional contact in the material point method},
  Volume = {109},
  Year = {2016}}

@article{Homel:AM2015a,
  Author = {Homel, M. A. and Guilkey, J. E. and Brannon, R. M.},
  Journal = {Acta Mechanica},
  Pages = {1-32},
  Title = {Continuum effective-stress approach for high-rate plastic deformation of fluid-saturated geomaterials with application to shaped-charge jet penetration},
  Year = {2015}}

@incollection{Homel:2018a,
  Author = {Homel, MA and Herbold, EB},
  Booktitle = {Dynamic Behavior of Materials, Volume 1},
  Pages = {97--102},
  Publisher = {Springer},
  Title = {Mesoscale Modeling of Porous Materials Using New Methodology for Fracture and Frictional Contact in the Material Point Method},
  Year = {2018}}

@article{He:CPM2019b,
  Author = {He, Lisha and Chen, Zhen},
  Journal = {Computational Particle Mechanics},
  Pages = {1--8},
  Title = {Study on one-dimensional softening with localization via integrated MPM and SPH},
  Year = {2019}}

@article{He:CPM2019a,
  Author = {He, Lisha and Gan, Yong and Chen, Zhen},
  Journal = {Computational Particle Mechanics},
  Number = {1},
  Pages = {45--53},
  Title = {Preliminary effort in developing the smoothed material point method for impact},
  Volume = {6},
  Year = {2019}}

@article{Han:PCGIT2019a,
  Author = {Han, Xuchen and Gast, Theodore F and Guo, Qi and Wang, Stephanie and Jiang, Chenfanfu and Teran, Joseph},
  Journal = {Proceedings of the ACM on Computer Graphics and Interactive Techniques},
  Number = {2},
  Pages = {17},
  Title = {A Hybrid Material Point Method for Frictional Contact with Diverse Materials},
  Volume = {2},
  Year = {2019}}

@article{Hammerquist:JMR2018a,
  Author = {Hammerquist, Chad C and Nairn, John A},
  Journal = {Journal of Materials Research},
  Number = {10},
  Pages = {1369--1381},
  Title = {Modeling nanoindentation using the Material Point Method},
  Volume = {33},
  Year = {2018}}

@article{Hammerquist:CMAME2017a,
  Author = {Hammerquist, Chad C and Nairn, John A},
  Journal = {Computer Methods in Applied Mechanics and Engineering},
  Pages = {724--738},
  Title = {A new method for material point method particle updates that reduces noise and enhances stability},
  Volume = {318},
  Year = {2017}}

@article{Hamad:IJNAMG2015a,
  Author = {Hamad, F. and Stolle, D. and Vermeer, P.},
  Journal = {International Journal for Numerical and Analytical Methods in Geomechanics},
  Number = {8},
  Pages = {833--853},
  Title = {Modelling of membranes in the material point method with applications},
  Volume = {39},
  Year = {2015}}

@phdthesis{Hamad:2014a,
  Author = {F. M. Hamad},
  School = {University of Stuttgart},
  Title = {Formulation of a Dynamic Material Point Method and Applications to Soil--Water--Geotextile Systems},
  Year = {2014}}

@article{Gupta:IJDM2011a,
  Author = {Gupta, V and Rajagopal, S and Gupta, N},
  Journal = {International Journal of Damage Mechanics},
  Number = {5},
  Pages = {729--751},
  Title = {A comparative study of meshfree methods for fracture},
  Volume = {20},
  Year = {2011}}

@article{Guo:TG2018a,
  Author = {Guo, Qi and Han, Xuchen and Fu, Chuyuan and Gast, Theodore and Tamstorf, Rasmus and Teran, Joseph},
  Journal = {ACM Transactions on Graphics (TOG)},
  Number = {4},
  Pages = {147},
  Title = {A material point method for thin shells with frictional contact},
  Volume = {37},
  Year = {2018}}

@article{Guo:CMES2006a,
  Author = {Guo, YJ and Nairn, JA},
  Journal = {Computer Modeling in Engineering and Sciences},
  Pages = {1--15},
  Title = {{Three-dimensional dynamic fracture analysis using the material point method}},
  Year = {2006}}

@article{Guo:CMES2004a,
  Author = {Y. Guo and J. A. Nairn},
  Journal = {Computer Modeling in Engineering \& Sciences},
  Pages = {295--308},
  Title = {Calculation of J-Integral and Stress Intensity Factors using the Material Point Method},
  Volume = {6},
  Year = {2004}}

@article{Guilkey:M2000a,
  Author = {J Guilkey},
  Journal = {Manual},
  Title = {Uintah User guide},
  Year = {2000}}

@article{Guilkey:JB2006a,
  Author = {James E. Guilkey and James B. Hoying and Jeffrey A. Weiss},
  Journal = {Journal of Biomechanics},
  Number = {11},
  Pages = {2074 - 2086},
  Title = {Computational modeling of multicellular constructs with the material point method},
  Volume = {39},
  Year = {2006}}

@article{Guilkey:IJNME2003a,
  Author = {Guilkey, J. E. and Weiss, J. A.},
  Journal = {International Journal for Numerical Methods in Engineering},
  Number = {9},
  Pages = {1323--1338},
  Title = {{Implicit time integration for the material point method: Quantitative and algorithmic comparisons with the finite element method}},
  Volume = {57},
  Year = {2003}}

@article{Guilkey:CS2007a,
  Author = {J.E. Guilkey and T.B. Harman and B. Banerjee},
  Journal = {Computers \& Structures},
  Number = {11-14},
  Pages = {660--674},
  Title = {An {Eulerian-Lagrangian} approach for simulating explosions of energetic devices},
  Volume = {85},
  Year = {2007}}

@article{Gritton:MSMSE2017a,
  Author = {Gritton, Chris and Guilkey, James and Hooper, Justin and Bedrov, Dmitry and Kirby, Robert M and Berzins, Martin},
  Journal = {Modelling and Simulation in Materials Science and Engineering},
  Number = {4},
  Pages = {045005},
  Title = {Using the material point method to model chemical/mechanical coupling in the deformation of a silicon anode},
  Volume = {25},
  Year = {2017}}

@article{Gritton:CPM2017a,
  Author = {Gritton, Chris and Berzins, Martin},
  Journal = {Computational Particle Mechanics},
  Number = {1},
  Pages = {131--142},
  Title = {Improving accuracy in the {MPM} method using a null space filter},
  Volume = {4},
  Year = {2017}}

@article{Gracia:CPM2019a,
  Author = {Gracia, Fabio and Villard, Pascal and Richefeu, Vincent},
  Journal = {Computational Particle Mechanics},
  Pages = {1--19},
  Title = {Comparison of two numerical approaches (DEM and MPM) applied to unsteady flow},
  Year = {2019}}

@phdthesis{Gong:2015b,
  Author = {M Gong},
  School = {University of Utah},
  Title = {Improving the Material Point Method},
  Year = {2015}}

@article{Gilmanov:IJNMF2008a,
  Author = {Gilmanov, Anvar and Acharya, Sumanta},
  Journal = {International Journal for Numerical Methods in Fluids},
  Number = {12},
  Pages = {2151--2177},
  Title = {A hybrid immersed boundary and material point method for simulating 3D fluid--structure interaction problems},
  Volume = {56},
  Year = {2008}}

@article{Gilabert:EL2011a,
  Author = {F. A. Gilabert and V. Cantavella and E. S{\'a}nchez and G. Mallol},
  Journal = {EPL (Europhysics Letters)},
  Number = {2},
  Pages = {24002},
  Title = {Modelling fracture process in ceramic materials using the Material Point Method},
  Volume = {96},
  Year = {2011}}

@article{Gaume:NC2018a,
  Author = {Gaume, Johan and Gast, T and Teran, J and van Herwijnen, A and Jiang, C},
  Journal = {Nature communications},
  Number = {1},
  Pages = {3047},
  Title = {Dynamic anticrack propagation in snow},
  Volume = {9},
  Year = {2018}}

@article{Gao:TG2017a,
  Author = {Gao, Ming and Tampubolon, Andre Pradhana and Jiang, Chenfanfu and Sifakis, Eftychios},
  Journal = {ACM Transactions on Graphics (TOG)},
  Number = {6},
  Pages = {223},
  Title = {An adaptive generalized interpolation material point method for simulating elastoplastic materials},
  Volume = {36},
  Year = {2017}}

@phdthesis{Gao:2018b,
  Author = {M Gao},
  School = {UNIVERSITY OF WISCONSIN--MADISON},
  Title = {Sparse Paged Grid and its Applications to Adaptivity and Material Point Method in Physics Based Simulations Sparse Paged Grid and its Applications to Adaptivity and Material Point Method in Physics Based SimulationsSparse Paged Grid and its Applications to Adaptivity and Material Point Method in Physics Based Simulations Sparse Paged Grid and its Applications to Adaptivity and Material Point Method in Physics Based Simulations},
  Year = {2018}}

@inproceedings{Gao:2018a,
  Author = {Gao, Ming and Wang, Xinlei and Wu, Kui and Pradhana, Andre and Sifakis, Eftychios and Yuksel, Cem and Jiang, Chenfanfu},
  Booktitle = {SIGGRAPH Asia 2018 Technical Papers},
  Organization = {ACM},
  Pages = {254},
  Title = {{GPU} optimization of material point methods},
  Year = {2018}}

@article{Gan:IJNME2018a,
  Author = {Gan, Yong and Sun, Zheng and Chen, Zhen and Zhang, Xiong and Liu, Yu},
  Journal = {International Journal for Numerical Methods in Engineering},
  Number = {3},
  Pages = {411--431},
  Title = {Enhancement of the material point method using {B-spline} basis functions},
  Volume = {113},
  Year = {2018}}

@article{Gan:CMES2011a,
  Author = {Y. Gan and Z. Chen and S. Montgomery-Smith},
  Journal = {Computer Modeling in Engineering and Sciences},
  Pages = {1--24},
  Title = {{Improved material point method for simulating the zona failure response in piezo-assisted intracytoplasmic sperm injection}},
  Year = {2011}}

@article{Galavi:PE2017a,
  Author = {Galavi, Vahid and Beuth, Lars and Coelho, Bruno Zuada and Tehrani, Faraz S and H{\"o}lscher, Paul and Van Tol, Frits},
  Journal = {Procedia Engineering},
  Pages = {72--79},
  Title = {Numerical simulation of pile installation in saturated sand using material point method},
  Volume = {175},
  Year = {2017}}

@article{Fu:TG2017a,
  Author = {Fu, Chuyuan and Guo, Qi and Gast, Theodore and Jiang, Chenfanfu and Teran, Joseph},
  Journal = {ACM Trans. Graph.},
  Month = nov,
  Number = {6},
  Pages = {222:1--222:12},
  Title = {A Polynomial Particle-in-cell Method},
  Volume = {36},
  Year = {2017}}

@article{Frank:DT2010a,
  Author = {Frank, Xavier and Perr{\'e}, Patrick},
  Journal = {Drying Technology},
  Number = {8},
  Pages = {932--943},
  Title = {The potential of meshless methods to address physical and mechanical phenomena involved during drying at the pore level},
  Volume = {28},
  Year = {2010}}

@article{Fern:CG2019a,
  Author = {Fern, Elliot James},
  Journal = {Computers and Geotechnics},
  Pages = {202--208},
  Title = {Modelling tunnel-induced deformations with the material point method},
  Volume = {111},
  Year = {2019}}

@book{Fern:2019a,
  Author = {Fern, James and Rohe, Alexander and Soga, Kenichi and Alonso, Eduardo},
  Publisher = {CRC Press},
  Title = {The material point method for geotechnical engineering: a practical guide},
  Year = {2019}}

@article{Fagan:JMPT2016a,
  Author = {Fagan, Timothy and Lemiale, Vincent and Nairn, John and Ahuja, Yogita and Ibrahim, Raafat and Estrin, Yuri},
  Journal = {Journal of Materials Processing Technology},
  Pages = {422--430},
  Title = {Detailed thermal and material flow analyses of friction stir forming using a three-dimensional particle based model},
  Volume = {231},
  Year = {2016}}

@article{Edwards:IJNME2012a,
  Author = {Edwards, E. and Bridson, R.},
  Journal = {International Journal for Numerical Methods in Engineering},
  Number = {9},
  Pages = {1073--1088},
  Title = {A high-order accurate particle-in-cell method},
  Volume = {90},
  Year = {2012}}

@phdthesis{Dunatunga:2011a,
  Author = {S A Dunatunga},
  School = {MIT},
  Title = {A non-local Dense Granular Flow Model implemented in material point method},
  Year = {2011}}

@article{Dong:CG2018a,
  Author = {Dong, Youkou and Grabe, J{\"u}rgen},
  Journal = {Computers and Geotechnics},
  Pages = {149--158},
  Title = {Large scale parallelisation of the material point method with multiple GPUs},
  Volume = {101},
  Year = {2018}}

@article{Dhakal:JCP2016a,
  Author = {Dhakal, Tilak R and Zhang, Duan Z},
  Journal = {Journal of Computational Physics},
  Pages = {301--313},
  Title = {Material point methods applied to one-dimensional shock waves and dual domain material point method with sub-points},
  Volume = {325},
  Year = {2016}}

@article{Daviet:TG2016a,
  Author = {Daviet, Gilles and Bertails-Descoubes, Florence},
  Journal = {ACM Transactions on Graphics (TOG)},
  Number = {4},
  Pages = {102},
  Title = {A semi-implicit material point method for the continuum simulation of granular materials},
  Volume = {35},
  Year = {2016}}

@article{Daphalapurkar:IJF2007a,
  Author = {Daphalapurkar, N. P. and Lu, H. and Coker, D. and Komanduri, R.},
  Journal = {International Journal of Fracture},
  Number = {1},
  Pages = {79--102},
  Title = {{Simulation of dynamic crack growth using the generalized interpolation material point (GIMP) method}},
  Volume = {143},
  Year = {2007}}

@article{Cortis:IJNME2018a,
  Author = {Cortis, Michael and Coombs, William and Augarde, Charles and Brown, Michael and Brennan, Andrew and Robinson, Scott},
  Journal = {International Journal for Numerical Methods in Engineering},
  Number = {1},
  Pages = {130--152},
  Title = {Imposition of essential boundary conditions in the material point method},
  Volume = {113},
  Year = {2018}}

@article{Coombs:CMAME2020a,
  Author = {Coombs, William M and Augarde, Charles E and Brennan, Andrew J and Brown, Michael J and Charlton, Tim J and Knappett, Jonathan A and Motlagh, Yousef Ghaffari and Wang, Lei},
  Journal = {Computer Methods in Applied Mechanics and Engineering},
  Pages = {112622},
  Title = {On Lagrangian mechanics and the implicit material point method for large deformation elasto-plasticity},
  Volume = {358},
  Year = {2020}}

@article{Coombs:CMAME2018a,
  Author = {Coombs, William M and Charlton, Tim J and Cortis, Michael and Augarde, Charles E},
  Journal = {Computer Methods in Applied Mechanics and Engineering},
  Pages = {1--21},
  Title = {Overcoming volumetric locking in material point methods},
  Volume = {333},
  Year = {2018}}

@article{Coetzee:JT2007a,
  Author = {C.J. Coetzee and A.H. Basson and P.A. Vermeer},
  Journal = {Journal of Terramechanics},
  Number = {2},
  Pages = {177 - 186},
  Title = {Discrete and continuum modelling of excavator bucket filling},
  Volume = {44},
  Year = {2007}}

@article{Coetzee:IJNAMG2005a,
  Author = {Coetzee, C. J. and Vermeer, P. A. and Basson, A. H.},
  Journal = {International Journal for Numerical and Analytical Methods in Geomechanics},
  Number = {9},
  Pages = {879--895},
  Title = {The modelling of anchors using the material point method},
  Volume = {29},
  Year = {2005}}

@phdthesis{Coetzee:2003a,
  Author = {C. J. Coetzee},
  School = {University of Stellenbosch},
  Title = {The Modelling of Granular Flow Using the Particle-in-Cell Method},
  Year = {2003}}

@article{Choudhury:CMES2010a,
  Author = {A. Choudhury and M. Steffen and J. Guilkey and S. Parker},
  Journal = {Computer Methods in Engineering and Sciences},
  Pages = {117 - 136},
  Title = {Enchanced understanding of particle simulations through deformation-based visualization},
  Volume = {63},
  Year = {2010}}

@article{Chmelnizkij:PE2017a,
  Author = {Chmelnizkij, Alexander and Nagula, Sparsha and Grabe, J{\"u}rgen},
  Journal = {Procedia engineering},
  Pages = {302--309},
  Title = {Numerical simulation of deep vibration compaction in {Abaqus/CEL and MPM}},
  Volume = {175},
  Year = {2017}}

@article{Cheon:IJNMEa,
  Author = {Cheon, Young-Jo and Kim, Hyun-Gyu},
  Journal = {International Journal for Numerical Methods in Engineering},
  Title = {An adaptive material point method coupled with a phase-field fracture model for brittle materials}}

@article{Chen:TAML2012a,
  Author = {Chen, Zhen and Han, Yilong and Jiang, Shan and Gan, Yong and Sewell, Thomas D},
  Journal = {Theoretical and Applied Mechanics Letters},
  Number = {5},
  Pages = {051003},
  Title = {A multiscale material point method for impact simulation},
  Volume = {2},
  Year = {2012}}

@article{Chen:SRS22002a,
  Author = {Chen, Zhen and Brannon, Rebecca},
  Journal = {SAND Report, SAND2002-0482,(February 2002)},
  Title = {An evaluation of the material point method},
  Year = {2002}}

@article{Chen:JEM2017a,
  Author = {Chen, Jiun-Shyan and Hillman, Michael and Chi, Sheng-Wei},
  Journal = {Journal of Engineering Mechanics},
  Number = {4},
  Pages = {04017001},
  Title = {Meshfree methods: progress made after 20 years},
  Volume = {143},
  Year = {2017}}

@article{Chen:EFM2002a,
  Author = {Chen, Z. and Hu, W. and Shen, L. and Xin, X. and Brannon, R.},
  Journal = {Engineering Fracture Mechanics},
  Number = {17},
  Pages = {1873--1890},
  Title = {{An evaluation of the {MPM} for simulating dynamic failure with damage diffusion}},
  Volume = {69},
  Year = {2002}}

@article{Chen:CMES2008a,
  Author = {Chen, Z and Gan, Y and Chen, JK},
  Journal = {COMPUTER MODELING IN ENGINEERING AND SCIENCES},
  Number = {2},
  Pages = {123},
  Title = {A coupled thermo-mechanical model for simulating the material failure evolution due to localized heating},
  Volume = {26},
  Year = {2008}}

@article{Chen:CMAME2015a,
  Author = {Z.P. Chen and X.M. Qiu and X. Zhang and Y.P. Lian},
  Journal = {Computer Methods in Applied Mechanics and Engineering},
  Pages = {1 - 19},
  Title = {Improved coupling of finite element method with material point method based on a particle-to-surface contact algorithm},
  Volume = {293},
  Year = {2015}}

@incollection{Chen:2019a,
  Author = {Chen, Zhen},
  Booktitle = {Desiderata Geotechnica},
  Pages = {21--24},
  Publisher = {Springer},
  Title = {The Development of the Material Point Method for Simulating Nonlocal Failure Evolution Involved in Multi-phase Interactions},
  Year = {2019}}

@article{Ceccato:CG2018a,
  Author = {Ceccato, Francesca and Redaelli, Irene and di Prisco, Claudio and Simonini, Paolo},
  Journal = {Computers and Geotechnics},
  Pages = {201--217},
  Title = {Impact forces of granular flows on rigid structures: comparison between discontinuous (DEM) and continuous (MPM) numerical approaches},
  Volume = {103},
  Year = {2018}}

@phdthesis{Ceccato:2015a,
  Author = {Ceccato, Francesca},
  School = {Dipartimento di Ingegneria Civile Edile e Ambientale, Universit{\`a} degli Studi di Padova},
  Title = {Study of large deformation geomechanical problems with the material point method.},
  Year = {2015}}

@article{Buzzi:CMES2008a,
  Author = {Buzzi, O and Pedroso, DM and Giacomini, A},
  Journal = {Computer Modeling in Engineering and Sciences},
  Number = {1},
  Pages = {1--21},
  Title = {{Caveats on the implementation of the generalized material point method}},
  Volume = {1},
  Year = {2008}}

@article{Burghardt:CSMSE2010a,
  Author = {Burghardt, J. and Leavy, B. and Guilkey, J. and Xue, Z. and Brannon, R.},
  Journal = {IOP Conference Series: Materials Science and Engineering},
  Number = {1},
  Pages = {012223},
  Title = {{Application of Uintah-MPM to shaped charge jet penetration of aluminum}},
  Volume = {10},
  Year = {2010}}

@article{Burghardt:CMAME2012a,
  Author = {J. Burghardt and R. Brannon and J. Guilkey},
  Journal = {Computer Methods in Applied Mechanics and Engineering},
  Month = {MPM},
  Number = {0},
  Pages = {55 - 64},
  Title = {A nonlocal plasticity formulation for the material point method},
  Volume = {225-228},
  Year = {2012}}

@article{Burgess:JCP1992a,
  Author = {D. Burgess and D. Sulsky and J.U. Brackbill},
  Journal = {Journal of Computational Physics},
  Number = {1},
  Pages = {1 - 15},
  Title = {Mass matrix formulation of the {FLIP} particle-in-cell method},
  Volume = {103},
  Year = {1992}}

@article{Brydon:JMPS2005a,
  Author = {A.D. Brydon and S.G. Bardenhagen and E.A. Miller and G.T. Seidler},
  Journal = {Journal of the Mechanics and Physics of Solids},
  Number = {12},
  Pages = {2638 - 2660},
  Title = {Simulation of the densification of real open-celled foam microstructures},
  Volume = {53},
  Year = {2005}}

@inproceedings{Brannon:2011a,
  Author = {Brannon, Rebecca M and Kamojjala, Krishna and Sadeghirad, Alireza},
  Booktitle = {II international conference on particle-based methods---fundamentals and applications},
  Title = {Establishing credibility of particle methods through verification testing},
  Year = {2011}}

@article{BRACKBILL1986314,
  Author = {J.U. Brackbill and H.M. Ruppel},
  Journal = {Journal of Computational Physics},
  Number = {2},
  Pages = {314 - 343},
  Title = {FLIP: A method for adaptively zoned, particle-in-cell calculations of fluid flows in two dimensions},
  Volume = {65},
  Year = {1986}}

@article{Brackbill:JCP1988a,
  Author = {Brackbill, JU},
  Journal = {Journal of Computational Physics},
  Number = {2},
  Pages = {469--492},
  Title = {The ringing instability in particle-in-cell calculations of low-speed flow},
  Volume = {75},
  Year = {1988}}

@article{Bing:CS2019a,
  Author = {Bing, Y and Cortis, M and Charlton, TJ and Coombs, WM and Augarde, CE},
  Journal = {Computers \& Structures},
  Pages = {257--274},
  Title = {B-spline based boundary conditions in the material point method},
  Volume = {212},
  Year = {2019}}

@article{Beuth:IJNAMG2011a,
  Author = {Beuth, L. and Wieckowski, Z. and Vermeer, P. A.},
  Journal = {International Journal for Numerical and Analytical Methods in Geomechanics},
  Number = {13},
  Pages = {1451--1465},
  Title = {Solution of quasi-static large-strain problems by the material point method},
  Volume = {35},
  Year = {2011}}

@phdthesis{Beuth:2012a,
  Author = {L. Beuth},
  School = {University of Stuttgart},
  Title = {Formulation and Application of a Quasi-Static Material Point Method},
  Year = {2012}}

@article{Berzins:CPM2018a,
  Author = {Berzins, Martin},
  Journal = {Computational Particle Mechanics},
  Number = {4},
  Pages = {455--466},
  Title = {Nonlinear stability and time step selection for the {MPM} method},
  Volume = {5},
  Year = {2018}}

@article{Bardenhagen:JMPS2005a,
  Author = {S.G. Bardenhagen and A.D. Brydon and J.E. Guilkey},
  Journal = {Journal of the Mechanics and Physics of Solids},
  Number = {3},
  Pages = {597 - 617},
  Title = {Insight into the physics of foam densification via numerical simulation},
  Volume = {53},
  Year = {2005}}

@article{Bardenhagen:JCP2002a,
  Author = {Bardenhagen, S.G.},
  Journal = {Journal of Computational Physics},
  Number = {1},
  Pages = {383--403},
  Title = {{Energy Conservation Error in the Material Point Method for Solid Mechanics}},
  Volume = {180},
  Year = {2002}}

@article{Bardenhagen:IJF2011a,
  Author = {Bardenhagen, S.G. and Nairn, J.A. and Lu, H.},
  Journal = {International Journal of Fracture},
  Number = {1},
  Pages = {49-66},
  Title = {Simulation of dynamic fracture with the {Material Point Method using a mixed J-integral} and cohesive law approach},
  Volume = {170},
  Year = {2011}}

@article{Bardenhagen:CMES2004a,
  Author = {Bardenhagen, S.G. and Kober, E.M.},
  Journal = {Computer Modeling in Engineering and Sciences},
  Number = {6},
  Pages = {477--495},
  Title = {{The generalized interpolation material point method}},
  Volume = {5},
  Year = {2004}}

@article{Bardenhagen:CMES2001a,
  Author = {S.G. Bardenhagen and J.E. Guilkey and K.M. Roessig and J.U. Brackbill and W.M. Witzel and J.C. Foster},
  Journal = {Computer Modeling in Engineering and Sciences},
  Number = {4},
  Pages = {509-522},
  Title = {{Improved contact algorithm for the material point method and application to stress propagation in granular material}},
  Volume = {2},
  Year = {2001}}

@article{Bardenhagen:CMAME2000a,
  Author = {Bardenhagen, S.G. and Brackbill, J.U. and Sulsky, D.},
  Journal = {Computer Methods in Applied Mechanics and Engineering},
  Number = {3-4},
  Pages = {529--541},
  Title = {{The material-point method for granular materials}},
  Volume = {187},
  Year = {2000}}

@inproceedings{Banerjee:2004a,
  Address = {University of Delaware, Newark, DE},
  Author = {B. Banerjee},
  Booktitle = {17th ASCE Engineering Mechanics Conference},
  Month = {June},
  Title = {Material point method simulations of fragmenting cylinders},
  Year = {2004}}

@article{Ayton:JCP2001a,
  Author = {Ayton, G. and Bardenhagen, S. G. and McMurtry, P. and Sulsky, D. and Voth, G. A.},
  Journal = {The Journal of Chemical Physics},
  Number = {15},
  Pages = {6913-6924},
  Title = {Interfacing continuum and molecular dynamics: An application to lipid bilayers},
  Volume = {114},
  Year = {2001}}

@inproceedings{Augarde:2018a,
  Author = {Augarde, CE and Bing, Y and Charlton, TJ and Coombs, William M and Cortis, M and Brown, MJZ and Brennan, A and Robinson, S},
  Booktitle = {9th European Conference on Numerical Methods in Geotechnical Engineering (NUMGE 2018)},
  Title = {Issues with the Material Point Method for geotechnical modelling, and how to address them},
  Year = {2018}}

@incollection{Asgari:2012a,
  Author = {Asgari, A. and Moresi, L.},
  Booktitle = {Advanced methods for practical applications in fluid mechanics},
  Pages = {185--208},
  Publisher = {InTech},
  Title = {{Multiscale particle-in-cell method : from fluid to solid mechanics}},
  Year = {2012}}

@article{Andersen:CS2010a,
  Author = {S. Andersen and L. Andersen},
  Journal = {Computers \& Structures},
  Number = {7-8},
  Pages = {506--518},
  Title = {Analysis of spatial interpolation in the material-point method},
  Volume = {88},
  Year = {2010}}

@article{Andersen:CG2010a,
  Author = {Andersen, S. and Andersen, L.},
  Journal = {Computational Geosciences},
  Number = {1},
  Pages = {137-147},
  Title = {Modelling of landslides with the material-point method},
  Volume = {14},
  Year = {2010}}

@phdthesis{Andersen:2009a,
  Author = {S. M. Andersen},
  School = {Aalborg University},
  Title = {Material-Point Analysis of Large-Strain Problems: Modelling of Landslides},
  Year = {2009}}

@article{Ambati:CMS2012a,
  Author = {Ambati, R. and Pan, X. and Yuan, H. and Zhang, X.},
  Journal = {Computational Materials Science},
  Pages = {102--110},
  Title = {{Application of material point methods for cutting process simulations}},
  Volume = {57},
  Year = {2012}}

@article{Alonso:G2011a,
  Author = {Alonso, E.E. and Zabala, F.},
  Journal = {G\'{e}otechnique},
  Number = {9},
  Pages = {795--808},
  Title = {{Progressive failure of Aznalc\'{o}llar dam using the material point method}},
  Volume = {61},
  Year = {2011}}

@phdthesis{Al-Kafaji:2013a,
  Author = {I. K.J. Al-Kafaji},
  School = {University of Stuttgart},
  Title = {Formulation of a Dynamic Material Point Method (MPM) for Geomechanical Problems},
  Year = {2013}}

@article{Agarwal:JT2019a,
  Author = {Agarwal, Shashank and Senatore, Carmine and Zhang, Tingnan and Kingsbury, Mark and Iagnemma, Karl and Goldman, Daniel I and Kamrin, Ken},
  Journal = {Journal of Terramechanics},
  Pages = {1--14},
  Title = {Modeling of the interaction of rigid wheels with dry granular media},
  Volume = {85},
  Year = {2019}}

@article{Abe:JGGE2014a,
  Author = {Abe, K. and Soga, K. and Bandara, S.},
  Journal = {Journal of Geotechnical and Geoenvironmental Engineering},
  Number = {3},
  Pages = {04013033},
  Title = {Material Point Method for Coupled Hydromechanical Problems},
  Volume = {140},
  Year = {2014}}
